@inproceedings{InproceedingRefName,
author = {Maxim Musterfrau},
title = {Name},
year = {0},
pages = {100--200},
month = {6},
publisher = {EIII},
address = {MCA, AUSGEDACHTISTAN},
booktitle = {Proceedings of ICA},
}

@article{Article,
author = {Article Writer},
isbn = {0-123345-3},
month = {12},
pages = {132--142},
title = {{ABC}},
url = {http://dl.acm.org/citation.cfm?id=106765.106782},
year = {0}
}

@incollection{Collection,
abstract = { Much Abstract text},
doi = {719712937129839},
issn = {1234-1234},
keywords = {Computer Science},
month = {5},
number = {1},
pages = {81--92},
publisher = { Jumper Berlin },
title = {{Efficient monitoring of personalized hot news over Web 2.0 streams}},
url = {http://www.abc.de},
volume = {27},
year = {2011}
}

@misc{MISC,
author = {MI, SC},
title = {{MISC TITELOS}},
url = {http://mi.sc}
}

@book{Schreiber, 
title={Wichtiges Buch},
author={Dr. Schreiber},
publisher={Jumper},
year={0},
month={4},
edition={1st Edition.},
isbn={1234567890},
url={http://abc.de},
totalpages={254},
timestamp={00.06.10},
}

@article{shao+:1994:unrolling-lists,
	Acmid = {182453},
	Address = {New York, NY, USA},
	Author = {Shao, Zhong and Reppy, John H. and Appel, Andrew W.},
	Date-Added = {2013-10-11 00:32:35 +0000},
	Date-Modified = {2013-10-11 00:32:43 +0000},
	Doi = {10.1145/182590.182453},
	Issn = {1045-3563},
	Issue_Date = {July-Sept. 1994},
	Journal = {SIGPLAN Lisp Pointers},
	Month = jul,
	Number = {3},
	Numpages = {11},
	Pages = {185--195},
	Publisher = {ACM},
	Title = {Unrolling lists},
	Url = {http://doi.acm.org/10.1145/182590.182453},
	Volume = {VII},
	Year = {1994}}

@inproceedings{filliatre+:2006:type-safe-modular,
	Acmid = {1159880},
	Author = {Filliâtre, Jean-Christophe and Conchon, Sylvain},
	Booktitle = {Proceedings of the 2006 Workshop on ML},
	Date-Modified = {2013-10-05 10:30:00 +0000},
	Doi = {10.1145/1159876.1159880},
	Isbn = {1-59593-483-9},
	Keywords = {data structures, hash-consing, sharing},
	Location = {Portland, Oregon, USA},
	Numpages = {8},
	Pages = {12--19},
	Publisher = {ACM},
	Series = {ML '06},
	Title = {Type-safe Modular Hash-consing},
	Url = {http://doi.acm.org/10.1145/1159876.1159880},
	Year = {2006}}







@online{bitkom:2017:cloud-nutzung-unternehmen,
	Author = {Bitkom Research and KPMG},
	Title = {Nutzung von Cloud Computing in Unternehmen in Deutschland in den Jahren 2011 bis 2016},
	Url = {https://www.bitkom.org/Presse/Anhaenge-an-PIs/2017/03-Maerz/Bitkom-KPMG-Charts-PK-Cloud-Monitor-14032017.pdf},
	Urldate = {2018-02-22},
	Year={2017},
	Month={03}}

@online{destatis:2016:cloud-nutzung-unternehmen-einsatzzweck,
	Author = {Statistisches Bundesamt},
	Title = {Nutzung von Informations- und Kommunikationstechnologien in Unternehmen -- 2016},
	Url = {https://www.destatis.de/DE/Publikationen/Thematisch/UnternehmenHandwerk/Unternehmen/InformationstechnologieUnternehmen5529102167004.pdf},
	Pages = {23},
	Urldate = {2018-02-22},
	Year={2016},
	Month={12}}

@online{isg:2017:cloud-ausgaben-20202,
	Author = {ISG Research DACH},
	Title = {2020 ein Drittel der gesamten IT-Ausgaben für die Cloud},
	Url = {http://ap-verlag.de/2020-ein-drittel-der-gesamten-it-ausgaben-fuer-die-cloud/34019/},
	Urldate = {2018-02-22},
	Year={2017},
	Month={05}}

@online{aws:2018:security-bulletin,
	Author = {Amazon Web Services},
	Title = {Processor Speculative Execution Research Disclosure},
	Url = {https://aws.amazon.com/security/security-bulletins/AWS-2018-013/},
	Urldate = {2018-02-22},
	Year={2018},
	Month={02}}

@online{upguard:2017:breach-alteryx,
	Author = {UpGuard Cyber Risk},
	Title = {Home Economics: How Life in 123 Million American Households Was Exposed Online},
	Url = {https://www.upguard.com/breaches/cloud-leak-alteryx},
	Urldate = {2018-02-22},
	Year={2017},
	Month={12}}

@online{upguard:2017:breach-centcom,
	Author = {UpGuard Cyber Risk},
	Title = {Dark Cloud: Inside The Pentagon's Leaked Internet Surveillance Archive},
	Url = {https://www.upguard.com/breaches/cloud-leak-centcom},
	Urldate = {2018-02-22},
	Year={2017},
	Month={11}}

@online{kromtech:2018:breach-fedex,
	Author = {Kromtech Security Center},
	Title = {FedEx Customer Records Exposed},
	Url = {https://mackeepersecurity.com/post/fedex-customer-records-exposed},
	Urldate = {2018-02-22},
	Year={2018},
	Month={02}}

@online{techcrunch:2018:spectre-meltdown-tier-2-cloud-vendors,
	Author = {TechCrunch},
	Title = {How Tier 2 cloud vendors banded together to cope with Spectre and Meltdown},
	Url = {https://techcrunch.com/2018/01/06/how-tier-2-cloud-vendors-banded-together-to-cope-with-spectre-and-meltdown/},
	Urldate = {2018-02-22},
	Year={2018},
	Month={01}}

@article{Lipp2018meltdown,
	 author = {Lipp, Moritz and Schwarz, Michael and Gruss, Daniel and Prescher, Thomas and Haas, Werner and Mangard, Stefan and Kocher, Paul and Genkin, Daniel and Yarom, Yuval and Hamburg, Mike},
	 title = {Meltdown},
	 journal = {ArXiv e-prints},
	 archivePrefix = "arXiv",
	 eprint = {1801.01207},
	 year = 2018,
	 month = jan}

@article{Kocher2018spectre,
	 author = {Kocher, Paul and Genkin, Daniel and Gruss, Daniel and Haas, Werner and Hamburg, Mike and Lipp, Moritz and Mangard, Stefan and Prescher, Thomas and Schwarz, Michael and Yarom, Yuval},
	 title = {Spectre Attacks: Exploiting Speculative Execution},
	 journal = {ArXiv e-prints},
	 archivePrefix = "arXiv",
	 eprint = {1801.01203},
	 year = 2018,
	 month = jan}

@online{eu:2016:bdsvg,
	Author = {Council of the European Union},
	Title = {General Data Protection Regulation},
	Url = {http://data.consilium.europa.eu/doc/document/ST-12399-2016-INIT/en/pdf},
	Urldate = {2018-02-22},
	Year={2016},
	Month={10}}

@online{gartner:2017:cloud-market,
	Author = {Gartner},
	Title = {Worldwide IaaS Public Cloud Services Market Grew 31 Percent in 2016},
	Url = {https://www.gartner.com/newsroom/id/3808563},
	Urldate = {2018-02-22},
	Year={2017},
	Month={09}}

@online{bitkom:2017:cloud-nutzung-unternehmen-auswahlkriterien,
	Author = {Bitkom Research and KPMG},
	Title = {Cloud-Monitor 2017: Cyber Security im Fokus},
	Url = {http://hub.kpmg.de/cloud-monitor-2017},
	Pages={21},
	Urldate = {2018-02-22},
	Year={2017},
	Month={05}}
	
@online{microsoft:2017:licensing,
	Author = {Microsoft},
	Title = {Frequently asked questions about product licensing},
	Url = {https://www.microsoft.com/en-us/licensing/product-licensing/faq-product-licensing.aspx},
	Urldate = {2018-02-22},
	Year={2017},
	Month={12}}
	
@online{oracle:2018:licensing,
	Author = {Oracle},
	Title = {Frequently asked questions about product licensing},
	Url = {http://www.oracle.com/us/corporate/pricing/cloud-licensing-070579.pdf},
	Urldate = {2018-02-22},
	Year={2018},
	Month={01}}
	
@online{gartner:2017:cloud-market-multicloud-trend,
	Author = {Gartner},
	Title = {Market Trends: Multicloud Usage Will Drive Cloud Management Platform Growth},
	Url = {https://www.gartner.com/doc/reprints?id=1-4KKGOTA&ct=171115},
	Urldate = {2018-02-22},
	Year={2017},
	Month={10}}
	
@online{ssiclops:2015:d6.1-project-presentation,
	Author = {Potts, Martin and Wittwer, Sandra},
	Title = {Secure and Scalable Infrastructure for Cloud Operations (SSICLOPS) -- D6.1: Project Presentation},
	Url = {https://ssiclops.eu/wp-content/uploads/SSICLOPS_D6.1_final.pdf},
	Urldate = {2018-02-22},
	Year={2015},
	Month={02}}

